<record><leader>00000cas a22000007a 4500</leader><controlfield tag="001">14221579</controlfield><controlfield tag="008">860916c19469999pauwr ne      0    0eng d</controlfield><datafield ind1=" " ind2=" " tag="010"><subfield code="a">sn 86083206 </subfield></datafield><datafield ind1=" " ind2=" " tag="040"><subfield code="a">NPH</subfield><subfield code="b">eng</subfield><subfield code="c">NPH</subfield><subfield code="d">OCLCQ</subfield></datafield><datafield ind1=" " ind2=" " tag="042"><subfield code="a">msc</subfield></datafield><datafield ind1="0" ind2=" " tag="130"><subfield code="a">Luminary (Muncy, Pa.)</subfield></datafield><datafield ind1="1" ind2="4" tag="245"><subfield code="a">The luminary.</subfield></datafield><datafield ind1=" " ind2=" " tag="260"><subfield code="a">Muncy, Pa. :</subfield><subfield code="b">Three Town Press,</subfield><subfield code="c">1946-</subfield></datafield><datafield ind1=" " ind2=" " tag="300"><subfield code="a">v.</subfield></datafield><datafield ind1=" " ind2=" " tag="310"><subfield code="a">Weekly</subfield></datafield><datafield ind1="0" ind2=" " tag="362"><subfield code="a">Vol. 106, no. 1 (Sept. 26, 1946)-</subfield></datafield><datafield ind1=" " ind2=" " tag="500"><subfield code="a">Published every Thursday.</subfield></datafield><datafield ind1=" " ind2=" " tag="515"><subfield code="a">Suspended with July 31, 1986 issue; resumed with Aug. 19, 1987 issue.</subfield></datafield><datafield ind1=" " ind2=" " tag="752"><subfield code="a">United States</subfield><subfield code="b">Pennsylvania</subfield><subfield code="c">Lycoming</subfield><subfield code="d">Muncy.</subfield></datafield><datafield ind1="0" ind2="0" tag="780"><subfield code="t">Muncy luminary (Muncy, Pa. : 1939)</subfield><subfield code="w">(DLC)sn 86083207</subfield></datafield></record>